@book{name,
  title     = {title},
  author    = {author},
  publisher = {publisher},
  year      = {year},
}
